@Book{zucchiniHiddenMarkovModels2016,
  title = {Hidden {{Markov Models}} for {{Time Series}} - {{An Introduction Using R}}},
  author = {Walter Zucchini and {Iain MacDonald} and {Roland Langrock}},
  date = {2016},
  volume = {43},
  file = {/home/jeff/GoogleDrive/Papers/Zucchini et al_2016_Hidden Markov Models for Time Series - An Introduction Using R.pdf},
  isbn = {978-1-4822-5384-9},
  langid = {english},
}
